<record><leader>00000cas a2200000 a 4500</leader><controlfield tag="001">13173929</controlfield><controlfield tag="008">860220d18541855meuwr ne      0    0eng d</controlfield><datafield ind1=" " ind2=" " tag="010"><subfield code="a">sn 86063263 </subfield></datafield><datafield ind1=" " ind2=" " tag="040"><subfield code="a">KSH</subfield><subfield code="b">eng</subfield><subfield code="c">KSH</subfield><subfield code="d">NPT</subfield><subfield code="d">MBN</subfield><subfield code="d">OCL</subfield><subfield code="d">MBN</subfield><subfield code="d">OCL</subfield><subfield code="d">OCLCQ</subfield><subfield code="d">OCLCF</subfield><subfield code="d">OCLCO</subfield></datafield><datafield ind1="1" ind2=" " tag="029"><subfield code="a">AU@</subfield><subfield code="b">000004809213</subfield></datafield><datafield ind1=" " ind2=" " tag="042"><subfield code="a">msc</subfield></datafield><datafield ind1=" " ind2=" " tag="043"><subfield code="a">n-us-me</subfield></datafield><datafield ind1="0" ind2="0" tag="245"><subfield code="a">Maine temperance journal.</subfield></datafield><datafield ind1="1" ind2="7" tag="246"><subfield code="a">Journal and inquirer,</subfield><subfield code="f">Oct. 13-27, 1855</subfield></datafield><datafield ind1=" " ind2=" " tag="260"><subfield code="a">Portland, Me. :</subfield><subfield code="b">Benj. D. Peck</subfield></datafield><datafield ind1=" " ind2=" " tag="300"><subfield code="a">v.</subfield></datafield><datafield ind1=" " ind2=" " tag="310"><subfield code="a">Weekly</subfield></datafield><datafield ind1="0" ind2=" " tag="362"><subfield code="a">Vol. 11, no. 1 (Jan. 7, 1854)-v. 12, no. 43 (Oct. 27, 1855).</subfield></datafield><datafield ind1=" " ind2=" " tag="580"><subfield code="a">Merged with: Portland inquirer, to form: Journal and inquirer.</subfield></datafield><datafield ind1=" " ind2="0" tag="651"><subfield code="a">Portland (Me.)</subfield><subfield code="v">Newspapers.</subfield></datafield><datafield ind1=" " ind2="7" tag="655"><subfield code="a">Newspapers.</subfield><subfield code="2">fast</subfield><subfield code="0">(OCoLC)fst01423814</subfield></datafield><datafield ind1=" " ind2="7" tag="651"><subfield code="a">Maine</subfield><subfield code="z">Portland.</subfield><subfield code="2">fast</subfield><subfield code="0">(OCoLC)fst01213254</subfield></datafield><datafield ind1=" " ind2=" " tag="752"><subfield code="a">United States</subfield><subfield code="b">Maine</subfield><subfield code="c">Cumberland</subfield><subfield code="d">Portland.</subfield></datafield><datafield ind1="0" ind2="0" tag="780"><subfield code="t">Fountain and journal (Gardiner, Me.)</subfield><subfield code="w">(DLC)sn 95067862</subfield></datafield><datafield ind1="1" ind2="7" tag="785"><subfield code="t">Portland inquirer</subfield><subfield code="w">(DLC)sn 83016070</subfield></datafield><datafield ind1="1" ind2="7" tag="785"><subfield code="t">Journal and inquirer</subfield><subfield code="w">(DLC)sn 83016069</subfield></datafield></record>